<?xml version="1.0" encoding="UTF-8"?><record xmlns="http://www.loc.gov/MARC21/slim" xmlns:cinclude="http://apache.org/cocoon/include/1.0" xmlns:zs="http://www.loc.gov/zing/srw/">
  <leader>00624nz  a2200145n  4500</leader>
  <controlfield tag="001">no2012015030</controlfield>
  <controlfield tag="003">DLC</controlfield>
  <controlfield tag="005">20120203075256.0</controlfield>
  <controlfield tag="008">120201n| acannaabn          |n aaa     c</controlfield>
  <datafield tag="010" ind1=" " ind2=" ">
    <subfield code="a">no2012015030</subfield>
  </datafield>
  <datafield tag="035" ind1=" " ind2=" ">
    <subfield code="a">(OCoLC)oca09103073</subfield>
  </datafield>
  <datafield tag="040" ind1=" " ind2=" ">
    <subfield code="a">NjP</subfield>
    <subfield code="b">eng</subfield>
    <subfield code="c">NjP</subfield>
  </datafield>
  <datafield tag="100" ind1="1" ind2=" ">
    <subfield code="a">Garrett, Andrew,</subfield>
    <subfield code="d">1961-</subfield>
  </datafield>
  <datafield tag="670" ind1=" " ind2=" ">
    <subfield code="a">Grammatical change, 2012:</subfield>
    <subfield code="b">t.p. (Andrew Garrett) jkt. flap (Ph. D. Harvard 1990; prof. of linguistics at the University of California, Berkeley, where he also serves as Director of the Survey of California and other Indian Languages)</subfield>
  </datafield>
  <datafield tag="670" ind1=" " ind2=" ">
    <subfield code="a">E-mail from editor, Feb. 1, 2012</subfield>
    <subfield code="b">(Andrew James Garrett, b. Aug. 10, 1961)</subfield>
  </datafield>
</record>